<?xml version="1.0" encoding="UTF-8"?><collection xmlns="http://www.loc.gov/MARC21/slim"><record><leader>00376nam--2200121-i-4500</leader><controlfield tag="001">000008994</controlfield><controlfield tag="002">20161230</controlfield><controlfield tag="005">20161230201028</controlfield><controlfield tag="008">060222s1000------------r-----000-0-eng-d</controlfield><datafield ind1=" " ind2=" " tag="245"><subfield code="a">Bulletin d information scientifique de la facu lte des sciences de paris: i: laboratoires de recherche. physique. 1967-1968</subfield></datafield><datafield ind1=" " ind2=" " tag="260"><subfield code="a">Paris, Dunod, 1968</subfield></datafield><datafield ind1=" " ind2=" " tag="490"><subfield code="a">Viii + 123 P</subfield></datafield><datafield ind1=" " ind2=" " tag="852"><subfield code="a">001.89</subfield></datafield></record></collection>